<record><leader>00000cas a22000007a 4500</leader><controlfield tag="001">11911961</controlfield><controlfield tag="008">850412d19031913inuwr ne      0    0eng d</controlfield><datafield ind1=" " ind2=" " tag="010"><subfield code="a">sn 85047766 </subfield></datafield><datafield ind1=" " ind2=" " tag="040"><subfield code="a">NPI</subfield><subfield code="b">eng</subfield><subfield code="c">NPI</subfield><subfield code="d">NPI</subfield><subfield code="d">OCLCQ</subfield></datafield><datafield ind1=" " ind2=" " tag="042"><subfield code="a">msc</subfield></datafield><datafield ind1="0" ind2=" " tag="130"><subfield code="a">Plain dealer (North Vernon, Ind.)</subfield></datafield><datafield ind1="1" ind2="4" tag="245"><subfield code="a">The plain dealer.</subfield></datafield><datafield ind1=" " ind2=" " tag="260"><subfield code="a">North Vernon, Ind. :</subfield><subfield code="b">J.S. Smith,</subfield><subfield code="c">1903-1913.</subfield></datafield><datafield ind1=" " ind2=" " tag="300"><subfield code="a">21 v. :</subfield><subfield code="b">ill. (chiefly advertisements) ;</subfield><subfield code="c">67 cm.</subfield></datafield><datafield ind1=" " ind2=" " tag="310"><subfield code="a">Weekly</subfield></datafield><datafield ind1="0" ind2=" " tag="362"><subfield code="a">Vol. 29, no. 41 (Jan. 9, 1903)-v. 49, no. 50 (Mar. 20, 1913).</subfield></datafield><datafield ind1=" " ind2=" " tag="752"><subfield code="a">United States</subfield><subfield code="b">Indiana</subfield><subfield code="c">Jennings</subfield><subfield code="d">North Vernon.</subfield></datafield><datafield ind1="0" ind2="0" tag="780"><subfield code="t">Banner plain dealer</subfield><subfield code="w">(DLC)sn 85047793</subfield></datafield><datafield ind1="0" ind2="7" tag="785"><subfield code="t">Republican (North Vernon, Ind.)</subfield><subfield code="w">(DLC)sn 85047765</subfield></datafield><datafield ind1="0" ind2="7" tag="785"><subfield code="t">Plain dealer and The Republican</subfield><subfield code="w">(DLC)sn 85047764</subfield></datafield><datafield ind1="1" ind2=" " tag="029"><subfield code="a">AU@</subfield><subfield code="b">000040449963</subfield></datafield></record>